<record><leader>00000cas a2200000 a 4500</leader><controlfield tag="001">11167191</controlfield><controlfield tag="008">840918d19291942ksuwr ne      0   a0eng d</controlfield><controlfield tag="009">3789</controlfield><datafield ind1=" " ind2=" " tag="010"><subfield code="a">sn 84029798 </subfield></datafield><datafield ind1=" " ind2=" " tag="040"><subfield code="a">KSH</subfield><subfield code="b">eng</subfield><subfield code="c">KSH</subfield><subfield code="d">NPT</subfield><subfield code="d">OCL</subfield></datafield><datafield ind1=" " ind2=" " tag="042"><subfield code="a">msc</subfield></datafield><datafield ind1="0" ind2="4" tag="245"><subfield code="a">The Garden City news.</subfield></datafield><datafield ind1=" " ind2=" " tag="260"><subfield code="a">Garden City, Kan. :</subfield><subfield code="b">Great Plains Pub. Co. :</subfield><subfield code="b">Busenbark &amp; Stowell,</subfield><subfield code="c">1929-1942.</subfield></datafield><datafield ind1=" " ind2=" " tag="300"><subfield code="a">8 v. :</subfield><subfield code="b">ill. ;</subfield><subfield code="c">55-60 cm.</subfield></datafield><datafield ind1=" " ind2=" " tag="310"><subfield code="a">Weekly</subfield></datafield><datafield ind1="0" ind2=" " tag="362"><subfield code="a">Vol. 4, no. 21 (July 25, 1929)-v. 12, no. 36 (Oct. 29, 1942).</subfield></datafield><datafield ind1=" " ind2=" " tag="500"><subfield code="a">Publisher varies.</subfield></datafield><datafield ind1=" " ind2=" " tag="580"><subfield code="a">Issued also in daily edition called: Garden City daily news, Oct. 27, 1929-1934.</subfield></datafield><datafield ind1=" " ind2=" " tag="752"><subfield code="a">United States</subfield><subfield code="b">Kansas</subfield><subfield code="c">Finney</subfield><subfield code="d">Garden City.</subfield></datafield><datafield ind1="1" ind2=" " tag="775"><subfield code="t">Garden City daily news</subfield><subfield code="g">Oct. 27, 1929-1934</subfield><subfield code="w">(DLC)sn 84029794</subfield></datafield><datafield ind1="0" ind2="4" tag="785"><subfield code="t">Garden City daily telegram</subfield><subfield code="w">(DLC)sn 84029781</subfield></datafield></record>